@inproceedings{yap2017espresso,
  title={Taking the Edge off with {Espresso}: Scale, Reliability and Programmability for Global Internet Peering},
  author={Yap, Kok-Kiong and Motiwala, Murtaza and Rahe, Jeremy and Padgett, Steve and Holliman, Matthew and Baldus, Gary and Hines, Marcus and Kim, Taeeun and Narayanan, Ashok and Jain, Ankur and others},
  booktitle={Proceedings of ACM SIGCOMM},
  pages={432--445},
  year={2017}
}

@inproceedings{tipsy2022,
author = {Markovitch, Michael and Agarwal, Sharad and Fonseca, Rodrigo and Beckett, Ryan and Zhang, Chuanji and Atov, Irena and Chaturmohta, Somesh},
title = {TIPSY: Predicting Where Traffic Will Ingress a WAN},
booktitle = {ACM SIGCOMM},
year = {2022},
month = {August},
}

@inproceedings{schlinker2017edgefabric,
  title={Engineering egress with {Edge Fabric}: Steering oceans of content to the world},
  author={Schlinker, Brandon and Kim, Hyojeong and Cui, Timothy and Katz-Bassett, Ethan and Madhyastha, Harsha V and Cunha, Italo and Quinn, James and Hasan, Saif and Lapukhov, Petr and Zeng, Hongyi},
  booktitle={Proceedings of ACM SIGCOMM},
  pages={418--431},
  year={2017}
}

@inproceedings{casado2012fabric,
  title={Fabric: a retrospective on evolving SDN},
  author={Casado, Martin and Koponen, Teemu and Shenker, Scott and Tootoonchian, Amin},
  booktitle={Proceedings of the first workshop on Hot topics in software defined networks},
  year={2012}
}

@article{gupta2014sdx,
  title={{SDX}: A Software Defined Internet Exchange},
  author={Gupta, Arpit and Vanbever, Laurent and Shahbaz, Muhammad and Donovan, Sean P and Schlinker, Brandon and Feamster, Nick and Rexford, Jennifer and Shenker, Scott and Clark, Russ and Katz-Bassett, Ethan},
  journal={Proceedings of ACM SIGCOMM},
  pages={551--562},
  year={2014},
}


@inproceedings{mukerjee2015practicalcontrol,
  title={Practical, real-time centralized control for cdn-based live video delivery},
  author={Mukerjee, Matthew K and Naylor, David and Jiang, Junchen and Han, Dongsu and Seshan, Srinivasan and Zhang, Hui},
  booktitle={ACM Conference on Special Interest Group on Data Communication},
  year={2015}
}

@inproceedings{gupta2016industrial,
  title={An industrial-scale software defined internet exchange point},
  author={Gupta, Arpit and MacDavid, Robert and Birkner, Rudiger and Canini, Marco and Feamster, Nick and Rexford, Jennifer and Vanbever, Laurent},
  booktitle={13th {USENIX} Symposium on Networked Systems Design and Implementation ({NSDI})},
  year={2016}
}

@inproceedings{araujo2018balancing,
  title={Balancing on the edge: Transport affinity without network state},
  author={Ara{\'u}jo, Jo{\~a}o Taveira and Saino, Lorenzo and Buytenhek, Lennert and Landa, Raul},
  booktitle={15th {USENIX} Symposium on Networked Systems Design and Implementation ({NSDI})},
  year={2018}
}










@inproceedings{lee2002constrained,
  title={A constrained multipath traffic engineering scheme for MPLS networks},
  author={Lee, Youngseok and Seok, Yongho and Choi, Yanghee and Kim, Changhoon},
  booktitle={2002 IEEE International Conference on Communications. Conference Proceedings. ICC 2002 (Cat. No. 02CH37333)},
  volume={4},
  pages={2431--2436},
  year={2002},
  organization={IEEE}
}

@article{jain2013B4,
  title={B4: Experience with a globally-deployed software defined {WAN}},
  author={Jain, Sushant and Kumar, Alok and Mandal, Subhasree and Ong, Joon and Poutievski, Leon and Singh, Arjun and Venkata, Subbaiah and Wanderer, Jim and Zhou, Junlan and Zhu, Min and others},
  journal={Proceedings of ACM SIGCOMM},
  pages={3--14},
  year={2013},
}

@inproceedings{danna2012practical,
  title={A practical algorithm for balancing the max-min fairness and throughput objectives in traffic engineering},
  author={Danna, Emilie and Mandal, Subhasree and Singh, Arjun},
  booktitle={2012 Proceedings IEEE INFOCOM},
  pages={846--854},
  year={2012},
  organization={IEEE}
}

@article{liuautomated,
  title={Automated Traffic Engineering in SDWAN: Beyond Reinforcement Learning},
  author={Liu, Libin and Chen, Li and Xu, Hong and Shao, Hua}
}

@inproceedings{jeong2014multi,
  title={Multi-objective optimization-based traffic engineering for data center networks},
  author={Jeong, Taeyeol and Seo, Sin-seok and Chung, Jae Yoon and Niyonteze, Bernard and Yoo, Jae-Hyoung and Hong, James Won-Ki},
  booktitle={The 16th Asia-Pacific Network Operations and Management Symposium},
  pages={1--4},
  year={2014},
  organization={IEEE}
}

@inproceedings{danna2012upward,
  title={Upward max min fairness},
  author={Danna, Emilie and Hassidim, Avinatan and Kaplan, Haim and Kumar, Alok and Mansour, Yishay and Raz, Danny and Segalov, Michal},
  booktitle={2012 Proceedings IEEE INFOCOM},
  pages={837--845},
  year={2012},
  organization={IEEE}
}

@book{deb2001bookmulti,
  title={Multi-objective optimization using evolutionary algorithms},
  author={Deb, Kalyanmoy},
  volume={16},
  year={2001},
  publisher={John Wiley \& Sons}
}

@article{deb2002NSGA-II,
  title={A fast and elitist multiobjective genetic algorithm: NSGA-II},
  author={Deb, Kalyanmoy and Pratap, Amrit and Agarwal, Sameer and Meyarivan, TAMT},
  journal={IEEE transactions on evolutionary computation},
  volume={6},
  number={2},
  pages={182--197},
  year={2002},
  publisher={IEEE}
}

@article{zhang2007moea,
  title={MOEA/D: A multiobjective evolutionary algorithm based on decomposition},
  author={Zhang, Qingfu and Li, Hui},
  journal={IEEE Transactions on evolutionary computation},
  volume={11},
  number={6},
  pages={712--731},
  year={2007},
  publisher={IEEE}
}

@article{zitzler1999SPEA,
  title={Multiobjective evolutionary algorithms: a comparative case study and the strength Pareto approach},
  author={Zitzler, Eckart and Thiele, Lothar},
  journal={IEEE transactions on Evolutionary Computation},
  volume={3},
  number={4},
  pages={257--271},
  year={1999},
  publisher={IEEE}
}

@article{deb2013NSGA-III,
  title={An evolutionary many-objective optimization algorithm using reference-point-based nondominated sorting approach, part I: solving problems with box constraints},
  author={Deb, Kalyanmoy and Jain, Himanshu},
  journal={IEEE transactions on evolutionary computation},
  volume={18},
  number={4},
  pages={577--601},
  year={2013},
  publisher={IEEE}
}

@inproceedings{mukerjee2015practicalcontrol,
  title={Practical, real-time centralized control for cdn-based live video delivery},
  author={Mukerjee, Matthew K and Naylor, David and Jiang, Junchen and Han, Dongsu and Seshan, Srinivasan and Zhang, Hui},
  booktitle={Proceedings of the 2015 ACM Conference on Special Interest Group on Data Communication},
  pages={311--324},
  year={2015}
}


@inproceedings{danna2012upward,
  title={Upward max min fairness},
  author={Danna, Emilie and Hassidim, Avinatan and Kaplan, Haim and Kumar, Alok and Mansour, Yishay and Raz, Danny and Segalov, Michal},
  booktitle={2012 Proceedings IEEE INFOCOM},
  pages={837--845},
  year={2012},
  organization={IEEE}
}

@article{adler2011algorithms,
  title={Algorithms for optimizing the bandwidth cost of content delivery},
  author={Adler, Micah and Sitaraman, Ramesh K and Venkataramani, Harish},
  journal={Computer Networks},
  volume={55},
  number={18},
  pages={4007--4020},
  year={2011},
  publisher={Elsevier}
}

@article{goldenberg2004optimizing,
  title={Optimizing cost and performance for multihoming},
  author={Goldenberg, David K and Qiuy, Lili and Xie, Haiyong and Yang, Yang Richard and Zhang, Yin},
  journal={Proceedings of the ACM SIGCOMM},
  pages={79--92},
  year={2004},
}

@inproceedings{shao21DSR,
  author       = {Hua Shao and
                  Xiaoliang Wang and
                  Yuanwei Lu and
                  Yanbo Yu and
                  Shengli Zheng and
                  Youjian Zhao},
  title        = {Accessing Cloud with Disaggregated Software-Defined Router},
  booktitle    = {Proceedings of USENIX NSDI},
  year         = {2021}
}

@article{wang2009traffic,
  title={Traffic regulation with single-and dual-homed ISPs under a percentile-based pricing policy},
  author={Wang, Jianping and Chen, Jing and Yang, Mei and Zheng, SQ},
  journal={Journal of combinatorial optimization},
  volume={17},
  number={3},
  pages={247--273},
  year={2009},
  publisher={Springer}
}

@inproceedings{hong2013achieving,
  title={Achieving high utilization with software-driven {WAN}},
  author={Hong, Chi-Yao and Kandula, Srikanth and Mahajan, Ratul and Zhang, Ming and Gill, Vijay and Nanduri, Mohan and Wattenhofer, Roger},
  booktitle={Proceedings of the ACM SIGCOMM},
  pages={15--26},
  year={2013}
}


@article{li2018trafficshaper,
  title={{TrafficShaper}: Shaping inter-datacenter traffic to reduce the transmission cost},
  author={Li, Wenxin and Zhou, Xiaobo and Li, Keqiu and Qi, Heng and Guo, Deke},
  journal={IEEE/ACM Transactions on Networking},
  volume={26},
  number={3},
  pages={1193--1206},
  year={2018},
  publisher={IEEE}
}

@inproceedings{jalaparti2016dynamicPretium,
  title={Dynamic pricing and traffic engineering for timely inter-datacenter transfers},
  author={Jalaparti, Virajith and Bliznets, Ivan and Kandula, Srikanth and Lucier, Brendan and Menache, Ishai},
  booktitle={Proceedings of ACM SIGCOMM},
  pages={73--86},
  year={2016}
}

@inproceedings{stanojevic2010economic,
  title={On economic heavy hitters: Shapley value analysis of 95th-percentile pricing},
  author={Stanojevic, Rade and Laoutaris, Nikolaos and Rodriguez, Pablo},
  booktitle={Proceedings of the 10th ACM SIGCOMM conference on Internet measurement},
  year={2010}
}

@article{quoitin2003interdomain,
  title={Interdomain traffic engineering with BGP},
  author={Quoitin, Bruno and Pelsser, Cristel and Swinnen, Louis and Bonaventure, Olivier and Uhlig, Steve},
  journal={IEEE Communications magazine},
  volume={41},
  number={5},
  pages={122--128},
  year={2003},
  publisher={IEEE}
}

@inproceedings{liu2016Footprint,
  title={Efficiently delivering online services over integrated infrastructure},
  author={Liu, Hongqiang Harry and Viswanathan, Raajay and Calder, Matt and Akella, Aditya and Mahajan, Ratul and Padhye, Jitendra and Zhang, Ming},
  booktitle={Proceedings of USENIX NSDI},
  pages={77--90},
  year={2016}
}

@inproceedings{valancius2013PECAN,
  title={Quantifying the Benefits of Joint Content and Network Routing},
  author={Valancius, Vytautas and Ravi, Bharath and Feamster, Nick and Snoeren, Alex C},
  booktitle={Proceedings of ACM SIGMETRICS},
  pages={243--254},
  year={2013}
}

@inproceedings{singh2021costCascara,
  title={Cost-effective cloud edge traffic engineering with {Cascara}},
  author={Singh, Rachee and Agarwal, Sharad and Calder, Matt and Bahl, Paramvir},
  booktitle={Proceedings of USENIX NSDI},
  pages={201--216},
  year={2021}
}

@inproceedings{caesar2005design,
  title={Design and implementation of a routing control platform},
  author={Caesar, Matthew and Caldwell, Donald and Feamster, Nick and Rexford, Jennifer and Shaikh, Aman and Van Der Merwe, Jacobus},
  booktitle={Proceedings of USENIX NSDI},
  pages={15--28},
  year={2005}
}

@article{feamster2003guidelines,
  title={Guidelines for interdomain traffic engineering},
  author={Feamster, Nick and Borkenhagen, Jay and Rexford, Jennifer},
  journal={ACM SIGCOMM Computer Communication Review},
  volume={33},
  number={5},
  pages={19--30},
  year={2003},
  publisher={ACM New York, NY, USA}
}

@article{chen2015end,
  title={End-User Mapping: Next Generation Request Routing for Content Delivery},
  author={Chen, Fangfei and Sitaraman, Ramesh K and Torres, Marcelo},
  journal={Proceedings of ACM SIGCOMM},
  volume={45},
  number={4},
  pages={167--181},
  year={2015},
  publisher={ACM New York, NY, USA}
}

@inproceedings{flavel2015fastroute,
  title={FastRoute: A Scalable Load-Aware Anycast Routing Architecture for Modern {CDNs}},
  author={Flavel, Ashley and Mani, Pradeepkumar and Maltz, David and Holt, Nick and Liu, Jie and Chen, Yingying and Surmachev, Oleg},
  booktitle={Proceedings of USENIX NSDI},
  pages={381--394},
  year={2015}
}

@inproceedings{zhang2010optimizingEntact,
  title={Optimizing Cost and Performance in Online Service Provider Networks},
  author={Zhang, Zheng and Zhang, Ming and Greenberg, Albert G and Hu, Y Charlie and Mahajan, Ratul and Christian, Blaine},
  booktitle={Proceedings of USENIX NSDI},
  pages={33--48},
  year={2010}
}

@inproceedings{krishnaswamy2023onewan,
  title={{OneWAN} is better than two: Unifying a split {WAN} architecture},
  author={Krishnaswamy, Umesh and Singh, Rachee and Mattes, Paul and Bissonnette, Paul-Andre C and Bj{\o}rner, Nikolaj and Nasrin, Zahira and Kothari, Sonal and Reddy, Prabhakar and Abeln, John and Kandula, Srikanth and others},
  booktitle={Proceedings of USENIX NSDI},
  pages={515--529},
  year={2023}
}

@inproceedings{hong2018b4,
  title={B4 and After: Managing Hierarchy, Partitioning, and Asymmetry for Availability and Scale in {Google's} Software-Defined {WAN}},
  author={Hong, Chi-Yao and Mandal, Subhasree and Al-Fares, Mohammad and Zhu, Min and Alimi, Richard and Bhagat, Chandan and Jain, Sourabh and Kaimal, Jay and Liang, Shiyu and Mendelev, Kirill and others},
  booktitle={Proceedings of ACM SIGCOMM},
  pages={74--87},
  year={2018}
}

@inproceedings{kandula2014calendaring,
  title={Calendaring for wide area networks},
  author={Kandula, Srikanth and Menache, Ishai and Schwartz, Roy and Babbula, Spandana Raj},
  booktitle={Proceedings of ACM SIGCOMM},
  pages={515--526},
  year={2014}
}

@inproceedings{laoutaris2011inter,
  title={Inter-datacenter bulk transfers with {NetStitcher}},
  author={Laoutaris, Nikolaos and Sirivianos, Michael and Yang, Xiaoyuan and Rodriguez, Pablo},
  booktitle={Proceedings of ACM SIGCOMM},
  pages={74--85},
  year={2011}
}

@inproceedings{liu2014traffic,
  title={Traffic engineering with forward fault correction},
  author={Liu, Hongqiang Harry and Kandula, Srikanth and Mahajan, Ratul and Zhang, Ming and Gelernter, David},
  booktitle={Proceedings of ACM SIGCOMM},
  pages={527--538},
  year={2014}
}

@inproceedings{koch2023painter,
  title={{PAINTER}: Ingress Traffic Engineering and Routing for Enterprise Cloud Networks},
  author={Koch, Thomas and Yu, Shuyue and Agarwal, Sharad and Katz-Bassett, Ethan and Beckett, Ryan},
  booktitle={Proceedings of ACM SIGCOMM},
  pages={360--377},
  year={2023}
}

@inproceedings{markovitch2022tipsy,
  title={{TIPSY}: predicting where traffic will ingress a {WAN}},
  author={Markovitch, Michael and Agarwal, Sharad and Fonseca, Rodrigo and Beckett, Ryan and Zhang, Chuanji and Atov, Irena and Chaturmohta, Somesh},
  booktitle={Proceedings of ACM SIGCOMM},
  pages={233--249},
  year={2022}
}

@incollection{bogle2019teavar,
  title={{TEAVAR}: striking the right utilization-availability balance in {WAN} traffic engineering},
  author={Bogle, Jeremy and Bhatia, Nikhil and Ghobadi, Manya and Menache, Ishai and Bj{\o}rner, Nikolaj and Valadarsky, Asaf and Schapira, Michael},
  booktitle={Proceedings of ACM SIGCOMM},
  pages={29--43},
  year={2019}
}

@inproceedings{chen2022onlineOnTPC,
  title={Online Traffic Allocation Based on Percentile Charging for Practical {CDNs}},
  author={Chen, Huan and Zhan, Huiyou and Tan, Haisheng and Xu, Huang and Shan, Weihua and Chen, Shiteng and Li, Xiang-Yang},
  booktitle={IWQoS},
  pages={1--10},
  year={2022},
}

@misc{or-tools,
   author = {Google},
   title = {OR-Tools},
   howpublished = {\url{https://github.com/google/or-tools}}
}


@inproceedings{landa2021staying,
  title={Staying alive: Connection path reselection at the edge},
  author={Landa, Raul and Saino, Lorenzo and Buytenhek, Lennert and Ara{\'u}jo, Jo{\~a}o Taveira},
  booktitle={Proceedings of USENIX NSDI},
  pages={233--251},
  year={2021}
}

% routing compression
@inproceedings{binarytree,
	title={Scalable high speed IP routing lookups},
	author={Waldvogel, Marcel and Varghese, George and Turner, Jon and Plattner, Bernhard},
	booktitle={Proceedings of the ACM SIGCOMM'97 Conference on Applications, technologies, architectures, and protocols for computer communication},
	pages={25--36},
	year={1997}
}

@article{szpankowski1990patricia,
	title={Patricia tries again revisited},
	author={Szpankowski, Wojciech},
	journal={Journal of the ACM (JACM)},
	volume={37},
	number={4},
	pages={691--711},
	year={1990},
	publisher={ACM New York, NY, USA}
}

@inproceedings{sklower1991tree,
	title={A tree-based packet routing table for Berkeley unix.},
	author={Sklower, Keith},
	booktitle={USENIX Winter},
	volume={1991},
	pages={93--99},
	year={1991}
}

@article{eatherton2004tree,
	title={Tree bitmap: hardware/software IP lookups with incremental updates},
	author={Eatherton, Will and Varghese, George and Dittia, Zubin},
	journal={ACM SIGCOMM Computer Communication Review},
	volume={34},
	number={2},
	pages={97--122},
	year={2004},
	publisher={ACM New York, NY, USA}
}

@article{asai2015poptrie,
	title={Poptrie: A compressed trie with population count for fast and scalable software IP routing table lookup},
	author={Asai, Hirochika and Ohara, Yasuhiro},
	journal={ACM SIGCOMM Computer Communication Review},
	volume={45},
	number={4},
	pages={57--70},
	year={2015},
	publisher={ACM New York, NY, USA}
}

@misc{googleradixtree,
	author = {Google},
	title = {Radix Tree},
	howpublished = {\url{https://code.google.com/archive/p/radixtree/}}
}

@article{shmoys1993approximationGAP,
  title={An approximation algorithm for the generalized assignment problem},
  author={Shmoys, David B and Tardos, {\'E}va},
  journal={Mathematical programming},
  volume={62},
  number={1-3},
  pages={461--474},
  year={1993},
  publisher={Springer}
}


%